@inproceedings{DiceSS2006,
  author    = {David Dice and
               Ori Shalev and
               Nir Shavit},
  title     = {Transactional Locking II},
  booktitle = {DISC},
  year      = {2006},
  pages     = {194-208},
  ee        = {http://dx.doi.org/10.1007/11864219_14},
  crossref  = {DBLP:conf/wdag/2006},
  bibsource = {DBLP, http://dblp.uni-trier.de}
}


@inproceedings{Gueta2011,
  author    = {Guy Golan-Gueta and
               Nathan Grasso Bronson and
               Alex Aiken and
               G. Ramalingam and
               Mooly Sagiv and
               Eran Yahav},
  title     = {Automatic fine-grain locking using shape properties},
  booktitle = {OOPSLA},
  year      = {2011},
  pages     = {225-242},
  ee        = {http://doi.acm.org/10.1145/2048066.2048086},
  crossref  = {DBLP:conf/oopsla/2011},
  bibsource = {DBLP, http://dblp.uni-trier.de}
}

