@article{DiceHKLM14,
  author    = {Dave Dice and
               Timothy L. Harris and
               Alex Kogan and
               Yossi Lev and
               Mark Moir},
  title     = {Hardware extensions to make lazy subscription safe},
  journal   = {CoRR},
  volume    = {abs/1407.6968},
  year      = {2014},
  url       = {http://arxiv.org/abs/1407.6968},
  timestamp = {Fri, 01 Aug 2014 13:50:01 +0200},
  biburl    = {http://dblp.uni-trier.de/rec/bib/journals/corr/DiceHKLM14},
  bibsource = {dblp computer science bibliography, http://dblp.org}
}

@inproceedings{DBLP:conf/eurosys/ShalevS06,
  author    = {Ori Shalev and
               Nir Shavit},
  title     = {Predictive log-synchronization},
  booktitle = {EuroSys},
  year      = {2006},
  pages     = {305--315},
  crossref  = {DBLP:conf/eurosys/2006},
  url       = {http://doi.acm.org/10.1145/1217935.1217965},
  doi       = {10.1145/1217935.1217965},
  timestamp = {Mon, 10 Nov 2014 08:03:56 +0100},
  biburl    = {http://dblp.uni-trier.de/rec/bib/conf/eurosys/ShalevS06},
  bibsource = {dblp computer science bibliography, http://dblp.org}
}

@proceedings{DBLP:conf/eurosys/2006,
  editor    = {Yolande Berbers and
               Willy Zwaenepoel},
  title     = {EuroSys},
  year      = {2006},
  publisher = {{ACM}},
  isbn      = {1-59593-322-0},
  timestamp = {Mon, 10 Nov 2014 08:03:56 +0100},
  biburl    = {http://dblp.uni-trier.de/rec/bib/conf/eurosys/2006},
  bibsource = {dblp computer science bibliography, http://dblp.org}
}

@inproceedings{Israeli:1994:DIS:197917.198079,
 author = {Israeli, Amos and Rappoport, Lihu},
 title = {Disjoint-access-parallel Implementations of Strong Shared Memory Primitives},
 booktitle = {PODC},
 year = {1994},
 isbn = {0-89791-654-9},
 pages = {151--160},
 numpages = {10},
 url = {http://doi.acm.org/10.1145/197917.198079},
 doi = {10.1145/197917.198079},
 acmid = {198079},
}


@misc {levelDB,
title = {A fast and lightweight key/value database library by Google},
howpublished= "\url{http://code.google.com/p/leveldb}"
}

@proceedings{DBLP:conf/popl/2007,
  editor    = {Martin Hofmann and
               Matthias Felleisen},
  title     = {POPL},
  year      = {2007},
  publisher = {{ACM}},
  url       = {http://dl.acm.org/citation.cfm?id=1190216},
  isbn      = {1-59593-575-4},
  timestamp = {Mon, 10 Nov 2014 07:58:59 +0100},
  biburl    = {http://dblp.uni-trier.de/rec/bib/conf/popl/2007},
  bibsource = {dblp computer science bibliography, http://dblp.org}
}

@proceedings{DBLP:conf/oopsla/2011,
  editor    = {Cristina Videira Lopes and
               Kathleen Fisher},
  title     = {OOPSLA},
  year      = {2011},
  publisher = {{ACM}},
  isbn      = {978-1-4503-0940-0},
  timestamp = {Mon, 10 Nov 2014 08:00:07 +0100},
  biburl    = {http://dblp.uni-trier.de/rec/bib/conf/oopsla/2011},
  bibsource = {dblp computer science bibliography, http://dblp.org}
}

@article{SilberschatzK1980,
 author = {Silberschatz, Abraham and Kedem, Zvi},
 title = {Consistency in Hierarchical Database Systems},
 journal = {J. ACM},
 issue_date = {Jan. 1980},
 volume = {27},
 number = {1},
 month = jan,
 year = {1980},
 issn = {0004-5411},
 pages = {72--80},
 numpages = {9},
 url = {http://doi.acm.org/10.1145/322169.322176},
 doi = {10.1145/322169.322176},
 acmid = {322176},
 publisher = {ACM},
 address = {New York, NY, USA},
}

@incollection{BayerS1988,
 author = { Rudolf Bayer and Mario Schkolnick},
 title = {Concurrency of operations on B-trees},
 booktitle = {Readings in database systems},
 editor = {Stonebraker, Michael},
 year = {1988},
 isbn = {0-934613-65-6},
 pages = {129--139},
 numpages = {11},
 url = {http://dl.acm.org/citation.cfm?id=48751.48760},
 acmid = {48760},
 publisher = {Morgan Kaufmann Publishers Inc.},
}

@inproceedings{AragonS1989,
  author    = {Cecilia R. Aragon and
               Raimund Seidel},
  title     = {Randomized Search Trees},
  booktitle = {FOCS},
  year      = {1989},
  pages     = {540--545},
}

@article{HerlihyW1990,
  author    = {Maurice Herlihy and
               Jeannette M. Wing},
  title     = {Linearizability: {A} Correctness Condition for Concurrent Objects},
  journal   = {{ACM} Trans. Program. Lang. Syst.},
  year      = {1990},
  volume    = {12},
  number    = {3},
  pages     = {463--492},
  url       = {http://doi.acm.org/10.1145/78969.78972},
  doi       = {10.1145/78969.78972},
  timestamp = {Thu, 04 Sep 2014 14:28:12 +0200},
  biburl    = {http://dblp.uni-trier.de/rec/bib/journals/toplas/HerlihyW90},
  bibsource = {dblp computer science bibliography, http://dblp.org}
}

@inproceedings{DiceSS2006,
  author    = {David Dice and
               Ori Shalev and
               Nir Shavit},
  title     = {Transactional Locking II},
  booktitle = {DISC},
  year      = {2006},
  pages     = {194-208},
  ee        = {http://dx.doi.org/10.1007/11864219_14},
  crossref  = {DBLP:conf/wdag/2006},
  bibsource = {DBLP, http://dblp.uni-trier.de}
}

@inproceedings{HerlihyLLS2007,
 author = {Maurice Herlihy and Yossi Lev  and Victor Luchangco  and Nir Shavit},
 title = {A Simple Optimistic Skiplist Algorithm},
 booktitle = {14th International Conference on Structural Information and Communication Complexity (SIROCCO)},
 year = {2007},
 pages = {124--138},
 numpages = {15},
}

@inproceedings{GuerraouiK2008,
  author    = {Rachid Guerraoui and
               Michal Kapalka},
  title     = {On the correctness of transactional memory},
  booktitle = {PPOPP},
  year      = {2008},
  pages     = {175-184},
  ee        = {http://doi.acm.org/10.1145/1345206.1345233},
  crossref  = {DBLP:conf/ppopp/2008},
  bibsource = {DBLP, http://dblp.uni-trier.de}
}

@inproceedings{BronsonCCO2010,
  author    = {Nathan Grasso Bronson and
               Jared Casper and
               Hassan Chafi and
               Kunle Olukotun},
  title     = {A practical concurrent binary search tree.},
  booktitle = {PPOPP},
  year      = {2010},
  pages     = {257--268},
}

@inproceedings{EllenFRB2010,
 author = {Faith Ellen and Panagiota Fatourou and Eric Ruppert and Franck van Breugel},
 title = {Non-blocking Binary Search Trees},
 booktitle = {PODC},
 year = {2010},
 pages = {131--140},
 keywords = {binary search tree, cas, non-blocking, shared memory},
}

@inproceedings{Gueta2011,
  author    = {Guy Golan-Gueta and
               Nathan Grasso Bronson and
               Alex Aiken and
               G. Ramalingam and
               Mooly Sagiv and
               Eran Yahav},
  title     = {Automatic fine-grain locking using shape properties},
  booktitle = {OOPSLA},
  year      = {2011},
  pages     = {225-242},
  ee        = {http://doi.acm.org/10.1145/2048066.2048086},
  crossref  = {DBLP:conf/oopsla/2011},
  bibsource = {DBLP, http://dblp.uni-trier.de}
}

@inproceedings{AfekKKMT2012,
 author = {Yehuda Afek and Haim Kaplan and Boris Korenfeld and Adam Morrison and Robert E. Tarjan},
 title = {{CBTree}: A Practical Concurrent Self-adjusting Search Tree},
 booktitle = {DISC},
 year = {2012},
 pages = {1--15},
}

@inproceedings{BraginskyP2012,
 author = {Anastasia Braginsky and Erez Petrank},
 title = {A Lock-free {B}+Tree},
 booktitle = {SPAA},
 year = {2012},
 pages = {58--67},
}

@inproceedings{CrainGR2013,
 author = {Tyler Crain and Vincent Gramoli and Michel Raynal},
 title = {A Contention-friendly Binary Search Tree},
 booktitle = {19th International Conference on Parallel Processing (Euro-Par)},
 year = {2013},
 isbn = {978-3-642-40046-9},
 location = {Aachen, Germany},
 pages = {229--240},
 numpages = {12},
 acmid = {2529849},
 keywords = {binary tree, concurrent data structures, efficient implementation},
}

@inproceedings{BrownER2014,
 author = {Trevor Brown and Faith Ellen and Eric Ruppert},
 title = {A General Technique for Non-blocking Trees},
 booktitle = {PPoPP},
 pages={329--342},
 year = {2014},
}

@inproceedings{NatarajanM2014,
 author = {Aravind Natarajan and Neeraj Mittal},
 title = {Fast Concurrent Lock-free Binary Search Trees},
 booktitle = {PPoPP},
 pages={317--328},
 year = {2014},
}

@inproceedings{DrachslerVY2014,
  author    = {Dana Drachsler and
               Martin T. Vechev and
               Eran Yahav},
  title     = {Practical concurrent binary search trees via logical ordering.},
  booktitle = {PPoPP},
  year      = {2014},
  pages     = {343--356},
}

@inproceedings{ArbelA2014,
  author    = {Maya Arbel and
               Hagit Attiya},
  title     = {Concurrent updates with {RCU:} search tree as an example},
  booktitle = {PODC},
  year      = {2014},
  pages     = {196--205},
}

@inproceedings{Gramoli2015,
  author    = {Vincent Gramoli},
  title     = {More Than You Ever Wanted to Know about Synchronization: Synchrobench, Measuring the Impact of the Synchronization on Concurrent Algorithms},
  booktitle = {PPoPP},
  year      = {2015},
}

@InProceedings{LevAriCK2014,
  author = 	 {Kfir Lev-Ari and
			  Gregory Chockler and
			  Idit Keidar},
  title = 	 {On Correctness of Data Structures under Reads-Write Concurrency},
  booktitle = {DISC},
  year = 	 {2014},
  month = 	 {October},
}

@inproceedings{Michael:1996,
 author = {Michael, Maged M. and Scott, Michael L.},
 title = {Simple, Fast, and Practical Non-blocking and Blocking Concurrent Queue Algorithms},
 booktitle = {PODC},
 year = {1996},
}

@INPROCEEDINGS{Ohad:OOPSLA11,
  AUTHOR =       {Ohad Shacham and Nathan Bronson and Alex Aiken and Mooly Sagiv and Martin Vechev and Eran Yahav},
  TITLE =        {Testing Atomicity of Composed Concurrent Operations},
  BOOKTITLE =    {OOPSLA},
  YEAR =         {2011},
}

@inproceedings{Doh:SPAA04,
 author = {Doherty, Simon and Detlefs, David L. and Groves, Lindsay and Flood, Christine H. and Luchangco, Victor and Martin, Paul A. and Moir, Mark and Shavit, Nir and Steele,Jr., Guy L.},
 title = {DCAS is not a silver bullet for nonblocking algorithm design},
 booktitle = {SPAA},
 year = {2004},
 }

@inproceedings{Jin:2012,
 author = {Jin, Guoliang and Zhang, Wei and Deng, Dongdong and Liblit, Ben and Lu, Shan},
 title = {Automated concurrency-bug fixing},
 booktitle = {OSDI},
 year = {2012}
}

@book{Weikum:2001,
 author = {Weikum, Gerhard and Vossen, Gottfried},
 title = {Transactional information systems: theory, algorithms, and the practice of concurrency control and recovery},
 year = {2001},
 isbn = {1-55860-508-8},
 publisher = {Morgan Kaufmann Publishers Inc.},
 address = {San Francisco, CA, USA},
}

@book{BHG:Book87,
  author    = {Philip A. Bernstein and
               Vassos Hadzilacos and
               Nathan Goodman},
  title     = {Concurrency Control and Recovery in Database Systems},
  publisher = {Addison-Wesley},
  year      = {1987},
  isbn      = {0-201-10715-5},
}

@book{HerlihyS2008,
 author = {Herlihy, Maurice and Shavit, Nir},
 title = {The Art of Multiprocessor Programming},
 year = {2008},
 publisher = {Morgan Kaufmann Publishers Inc.},
}

@article{Eswaran:1976,
 author = {Eswaran, K. P. and Gray, J. N. and Lorie, R. A. and Traiger, I. L.},
 title = {The notions of consistency and predicate locks in a database system},
 journal = {Commun. ACM},
 volume = {19},
 issue = {11},
 month = {November},
 year = {1976},
 pages = {624--633},
 publisher = {ACM},
 address = {New York, NY, USA},
}

@inproceedings{CH:PODS95,
 author = {Chaudhri, Vinay K. and Hadzilacos, Vassos},
 title = {Safe locking policies for dynamic databases},
 booktitle = {PODS '95: Proceedings of the fourteenth ACM SIGACT-SIGMOD-SIGART symposium on Principles of database systems},
 year = {1995},
 isbn = {0-89791-730-8},
 pages = {233--244},
 location = {San Jose, California, United States},
 doi = {http://doi.acm.org/10.1145/212433.212464},
 publisher = {ACM},
 address = {New York, NY, USA},
 }

@inproceedings{MZGB:POPL06,
 author = {McCloskey, Bill and Zhou, Feng and Gay, David and Brewer, Eric},
 title = {Autolocker: synchronization inference for atomic sections},
 booktitle = {POPL},
 year = {2006},
 pages = {346--358},
 }

@inproceedings{CCG:PLDI08,
 author = {Sigmund Cherem and Trishul Chilimbi and Sumit Gulwani},
 title = {Inferring locks for atomic sections},
 booktitle = {PLDI},
 year = {2008},
}


 @inproceedings{Emmi06POPL,
  author    = {Michael Emmi and
               Jeffrey S. Fischer and
               Ranjit Jhala and
               Rupak Majumdar},
  title     = {Lock allocation},
  booktitle = {POPL},
  year      = {2007},
  pages     = {291-296},
  ee        = {http://doi.acm.org/10.1145/1190216.1190260},
  crossref  = {DBLP:conf/popl/2007},
  bibsource = {DBLP, http://dblp.uni-trier.de}
}


 @inproceedings{HFP:TRANSACT06,
    author = {Hicks, Michael and Foster, Jeffrey S. and Prattikakis, Polyvios},
    title = {Lock Inference for Atomic Sections},
    booktitle = {Proceedings of the First ACM SIGPLAN Workshop on Languages, Compilers, and Hardware Support for Transactional Computing},
    citeulike-article-id = {2305074},
    keywords = {atomicity, concurrency},
    month = {June},
    pdf = {http://www.cs.umd.edu/\~{}polyvios/publications/transact06.pdf},
    year = {2006}
}

@incollection {CGE:CC08,
   author = {Cunningham, Dave and Gudka, Khilan and Eisenbach, Susan},
   title = {Keep Off the Grass: Locking the Right Path for Atomicity},
   booktitle = {CC},
   year = {2008},
   pages = {276-290},
}

@incollection{gudka2012lock,
  title={Lock inference in the presence of large libraries},
  author={Gudka, Khilan and Harris, Tim and Eisenbach, Susan},
  booktitle={ECOOP},
  year={2012},
}

@article{HLR:SLCA2010,
author = { Harris ,  Tim  and  Larus ,  James  and  Rajwar ,  Ravi },
title = {Transactional Memory, 2nd edition},
journal = {Synthesis Lectures on Computer Architecture},
volume = {5},
number = {1},
year = {2010},
}

@article{DuffyTM2010,
    author = {Joe Duffy},
    title = {A (brief) retrospective on transactional memory},
    year = {2010},
    note = {\url{http://joeduffyblog.com/2010/01/03/\\a-brief-retrospective-on-transactional-memory/}}
}

@article{Cascaval:2008,
 author = {Cascaval, Calin and Blundell, Colin and Michael, Maged and Cain, Harold W. and Wu, Peng and Chiras, Stefanie and Chatterjee, Siddhartha},
 title = {Software Transactional Memory: Why Is It Only a Research Toy?},
 journal = {Queue},
 issue_date = {September 2008},
 volume = {6},
 number = {5},
 month = sep,
 year = {2008},
 issn = {1542-7730},
 pages = {46--58},
 numpages = {13},
 url = {http://doi.acm.org/10.1145/1454456.1454466},
 doi = {10.1145/1454456.1454466},
 acmid = {1454466},
 publisher = {ACM},
 address = {New York, NY, USA},
}

@article{mckenneyParallel,
  title={Is Parallel Programming Hard, And, If So, What Can You Do About It?},
  author={McKenney, Paul E},
  journal={Linux Technology Center, IBM Beaverton},
  month = aug,
  year={2012}
}

@inproceedings{Nakaike:2010,
 author = {Nakaike, Takuya and Michael, Maged M.},
 title = {Lock Elision for Read-only Critical Sections in Java},
 booktitle = {PLDI},
 year = {2010},
 pages = {269--278},
}

@article{Sleator:SAH1986:SAH,
 author = {Sleator, Daniel Dominic and Tarjan, Robert Endre},
 title = {Self adjusting heaps},
 journal = {SIAM J. Comput.},
 volume = {15},
 issue = {1},
 month = {February},
 year = {1986},
 issn = {0097-5397},
 pages = {52--69},
 numpages = {18},
 url = {http://portal.acm.org/citation.cfm?id=13535.13539},
 doi = {10.1137/0215004},
 acmid = {13539},
 publisher = {Society for Industrial and Applied Mathematics},
 address = {Philadelphia, PA, USA},
}


@article{Rajwar:2002:TLE:635508.605399,
 author = {Rajwar, Ravi and Goodman, James R.},
 title = {Transactional Lock-free Execution of Lock-based Programs},
 journal = {SIGOPS Oper. Syst. Rev.},
 issue_date = {December 2002},
 volume = {36},
 number = {5},
 month = oct,
 year = {2002},
 issn = {0163-5980},
 pages = {5--17},
 numpages = {13},
 url = {http://doi.acm.org/10.1145/635508.605399},
 doi = {10.1145/635508.605399},
 acmid = {605399},
 publisher = {ACM},
 address = {New York, NY, USA},
}


@inproceedings{Roy:2009:RSS:1519065.1519094,
 author = {Roy, Amitabha and Hand, Steven and Harris, Tim},
 title = {A Runtime System for Software Lock Elision},
 booktitle = {EuroSys},
 year = {2009},
}

@inproceedings{Afek:2014:SHL:2611462.2611482,
 author = {Afek, Yehuda and Levy, Amir and Morrison, Adam},
 title = {Software-improved Hardware Lock Elision},
 booktitle = {PODC},
 year = {2014},
}

@article{Afek:1993:ASS:153724.153741,
 author = {Afek, Yehuda and Attiya, Hagit and Dolev, Danny and Gafni, Eli and Merritt, Michael and Shavit, Nir},
 title = {Atomic Snapshots of Shared Memory},
 journal = {J. ACM},
 issue_date = {Sept. 1993},
 volume = {40},
 number = {4},
 month = sep,
 year = {1993},
 issn = {0004-5411},
 pages = {873--890},
 numpages = {18},
 url = {http://doi.acm.org/10.1145/153724.153741},
 doi = {10.1145/153724.153741},
 acmid = {153741},
 publisher = {ACM},
 address = {New York, NY, USA},
 keywords = {atomic, consistent state, fault-tolerance, snapshot},
}

@inproceedings{clsm-poster,
title ={Scaling Concurrent Log-Structured Data Stores},
author = {Edward Bortnikov and Guy Golan-Gueta and Eshcar Hillel and Idit Keidar},
booktitle= {USENIX OSDI poster session},
year= {2014}
}

@inproceedings{zyulkyarov2009atomic,
  title={Atomic quake: using transactional memory in an interactive multiplayer game server},
  author={Zyulkyarov, Ferad and Gajinov, Vladimir and Unsal, Osman S and Cristal, Adri{\'a}n and Ayguad{\'e}, Eduard and Harris, Tim and Valero, Mateo},
  booktitle={ACM Sigplan Notices},
  volume={44},
  number={4},
  pages={25--34},
  year={2009},
  organization={ACM}
}




@misc {jmonkey,
title = {jMonkeyEngine: a 3D game engine for Java developers},
howpublished= "\url{http://jmonkeyengine.org/}"
}

@inproceedings{FerroJKRY14,
  author    = {Daniel G{\'{o}}mez Ferro and
               Flavio Junqueira and
               Ivan Kelly and
               Benjamin Reed and
               Maysam Yabandeh},
  title     = {Omid: Lock-free transactional support for distributed data stores},
  booktitle = {ICDE},
  year      = {2014},
  pages     = {676--687},
  crossref  = {DBLP:conf/icde/2014},
  url       = {http://dx.doi.org/10.1109/ICDE.2014.6816691},
  doi       = {10.1109/ICDE.2014.6816691},
  timestamp = {Mon, 10 Nov 2014 12:56:15 +0100},
  biburl    = {http://dblp.uni-trier.de/rec/bib/conf/icde/FerroJKRY14},
  bibsource = {dblp computer science bibliography, http://dblp.org}
}

@book{Nielson:1999,
 author = {Nielson, Flemming and Nielson, Hanne R. and Hankin, Chris},
 title = {Principles of Program Analysis},
 year = {1999},
 isbn = {3540654100},
 publisher = {Springer-Verlag New York, Inc.},
 address = {Secaucus, NJ, USA},
}

@misc {ConcurrentSkipList,
title = {ConcurrentSkipListMap from java.util.concurrent},
howpublished= "\url{docs.oracle.com/javase/7/docs/api/java/util/concurrent/ConcurrentSkipListMap.html}"
}

@phdthesis{fraser2004practical,
  title={Practical lock-freedom},
  author={Fraser, Keir},
  year={2004},
  school={University of Cambridge}
}

@phdthesis{OhadThesis,
  title = {Verifying Atomicity of Composed Concurrent Operations },
  author = {Ohad Shacham},
  school = {Tel Aviv University},
  year = 2012
}

@inproceedings{Herlihy:2008,
 author = {Herlihy, Maurice and Koskinen, Eric},
 title = {Transactional boosting: a methodology for highly-concurrent transactional objects},
 booktitle = {PPoPP},
 year = {2008},
 pages = {207--216},
}

@phdthesis{NathanBronson11,
  title = {Composable Operations on High-Performance Concurrent Collections},
  author = {Nathan Bronson},
  school = {Stanford University},
  month = dec,
  year = 2011
}

@inproceedings{Koskinen:2010,
 author = {Koskinen, Eric and Parkinson, Matthew and Herlihy, Maurice},
 title = {Coarse-grained transactions},
 booktitle = {POPL},
 year = {2010},
 pages = {19--30},
}

@book{Grune:2000,
 author = {Grune, Dick and Jacobs, C. and Langendoen, Koen and Bal, Henri},
 title = {Modern Compiler Design},
 year = {2000},
 isbn = {0471976970},
 edition = {1st},
 publisher = {John Wiley \& Sons, Inc.},
 address = {New York, NY, USA},
}

@inproceedings{Deuce2010
, author = "Felber, P., G. Korland, and N. Shavit "
, title = "{Deuce}: Noninvasive concurrency with a {Java STM}"
, booktitle = {MULTIPROG}
, year = 2010
} 

@inproceedings{BrownA12,
  author = {Brown, Trevor and Avni, Hillel},
  booktitle = {OPODIS},
 year = {2012},
 pages = {31--45},
 title = {Range Queries in Non-blocking k-ary Search Trees}, 
}

@inproceedings{LazyList,
 author = {Steve Heller and Maurice Herlihy and Victor Luchangco and Mark Moir and William N. {Scherer III} and Nir Shavit},
 title={A Lazy Concurrent List-Based Set Algorithm},
 booktitle={9th International Conference on Principles of Distributed Systems (OPODIS)},
 pages={3-16},
 year={2006},
 doi={10.1007/11795490_3},
 url={http://dx.doi.org/10.1007/11795490_3},
}

@inproceedings{DavidGT15,
  author    = {Tudor David and
               Rachid Guerraoui and
               Vasileios Trigonakis},
  title     = {Asynchronized Concurrency: The Secret to Scaling Concurrent Search Data Structures},
  booktitle = {Proceedings of the Twentieth International Conference on Architectural Support for Programming Languages and Operating Systems, {ASPLOS}},
  pages     = {631--644},
  year      = {2015},
  crossref  = {DBLP:conf/asplos/2015},
  url       = {http://doi.acm.org/10.1145/2694344.2694359},
  doi       = {10.1145/2694344.2694359},
  timestamp = {Thu, 26 Feb 2015 17:21:18 +0100},
  biburl    = {http://dblp.uni-trier.de/rec/bib/conf/asplos/DavidGT15},
  bibsource = {dblp computer science bibliography, http://dblp.org}
}